<record><leader>00000cas a22000007a 4500</leader><controlfield tag="001">30563626</controlfield><controlfield tag="008">940607d19uu1993ctuwr ne      0    0eng d</controlfield><datafield ind1=" " ind2=" " tag="010"><subfield code="a">sn 94053083 </subfield></datafield><datafield ind1=" " ind2=" " tag="040"><subfield code="a">CNW</subfield><subfield code="b">eng</subfield><subfield code="c">CNW</subfield><subfield code="d">OCLCQ</subfield><subfield code="d">OCLCF</subfield><subfield code="d">OCLCO</subfield></datafield><datafield ind1="1" ind2=" " tag="029"><subfield code="a">AU@</subfield><subfield code="b">000025871523</subfield></datafield><datafield ind1=" " ind2=" " tag="042"><subfield code="a">msc</subfield></datafield><datafield ind1=" " ind2=" " tag="043"><subfield code="a">n-us-ct</subfield></datafield><datafield ind1="0" ind2="0" tag="245"><subfield code="a">Housatonic Valley advertiser.</subfield></datafield><datafield ind1=" " ind2=" " tag="260"><subfield code="a">New Milford, Conn. :</subfield><subfield code="b">Housatonic Valley Pub. Co.</subfield></datafield><datafield ind1=" " ind2=" " tag="300"><subfield code="a">v.</subfield></datafield><datafield ind1=" " ind2=" " tag="310"><subfield code="a">Weekly</subfield></datafield><datafield ind1="0" ind2=" " tag="362"><subfield code="a">-v. 32, no. 17 (May 1, 1993).</subfield></datafield><datafield ind1=" " ind2="0" tag="651"><subfield code="a">New Milford (Conn.)</subfield><subfield code="v">Newspapers.</subfield></datafield><datafield ind1=" " ind2="7" tag="655"><subfield code="a">Newspapers.</subfield><subfield code="2">fast</subfield><subfield code="0">(OCoLC)fst01423814</subfield></datafield><datafield ind1=" " ind2="7" tag="651"><subfield code="a">Connecticut</subfield><subfield code="z">New Milford.</subfield><subfield code="2">fast</subfield><subfield code="0">(OCoLC)fst01219254</subfield></datafield><datafield ind1=" " ind2=" " tag="752"><subfield code="a">United States</subfield><subfield code="b">Connecticut</subfield><subfield code="c">Litchfield</subfield><subfield code="d">New Milford.</subfield></datafield><datafield ind1="0" ind2="0" tag="780"><subfield code="t">Advertiser (New Milford, Conn.)</subfield><subfield code="w">(DLC)sn 84007812</subfield><subfield code="w">(OCoLC)10258981</subfield></datafield><datafield ind1="0" ind2="0" tag="785"><subfield code="t">Housatonic weekend</subfield><subfield code="w">(DLC)sn 94053084</subfield></datafield></record>